=LDR  01509cam a2200301 c 4500
=001  999323312544702202
=005  20230330164356.0
=007  cr||||||||||||
=007  ta
=008  150209s1993\\\\no#||||j\|||||000|1|nob|\
=020  \\$a8251779324$cNkr 138.00
=041  1\$heng
=082  74$a823$qNO-OsNB$24/nor
=100  1\$aDahl, Roald$d1916-1990$0(NO-TrBIB)90064099$1http://viaf.org/viaf/108159131$4http://rdaregistry.info/Elements/w/object/P10061
=240  \\$aJames and the giant peach$1http://viaf.org/viaf/2414154387172830970000
=245  10$aVerdens største fersken$cRoald Dahl ; oversatt av Axel S. Seeberg ; illustrert av Michel Simeon
=246  1\$aJames and the giant peach$iOriginaltittel
=250  \\$a2. utg.
=260  \\$a[Oslo]$bDamm$c1993
=300  \\$a109 s.$bill.
=336  \\$atext$2rdacontent$0http://rdaregistry.info/termList/RDAContentType/1020
=337  \\$aunmediated$2rdamedia$0http://rdaregistry.info/termList/RDAMediaType/1007
=338  \\$avolume$2rdacarrier$0http://rdaregistry.info/termList/RDACarrierType/1049
=490  1\$aDamm beste barnebøker
=700  1\$aSeeberg, Axel S.$d1914-1994$4trl$0(NO-TrBIB)90707254$1http://viaf.org/viaf/76442083$4http://rdaregistry.info/Elements/e/object/P20037
=700  1\$aSeeberg, Axel$4trl$1http://viaf.org/viaf/76442083$4http://rdaregistry.info/Elements/e/object/P20037
=700  1\$aSimeon, Michel$4ill$0(NO-TrBIB)10060677$1http://viaf.org/viaf/32119127$4http://rdaregistry.info/Elements/m/object/P30321
=830  \0$aDamm beste barnebøker

