=LDR  01680cim a2200313 c 4500
=001  991204102144702202
=005  20230303091618.0
=007  cz||||||||||||
=007  s|\|||||||||||
=008  130412s2012\\\\no#||||j|||||||f#|||nob|\
=020  \\$a9788242154262$cNkr 349.00
=041  1\$heng$dnob
=082  74$a823$qNO-OsNB$25/nor
=100  1\$aDahl, Roald$d1916-1990$0(NO-TrBIB)90064099$1http://viaf.org/viaf/108159131$4http://rdaregistry.info/Elements/w/object/P10061
=240  \\$aDanny champion of the world$1http://viaf.org/viaf/309287925
=245  10$aDanny og den store fasanjakten$cRoald Dahl ; [oversatt av John Hollen]$h[lydopptak]
=246  1\$aDanny, the champion of the world$iOriginaltittel
=260  \\$a[Melhus]$bLydbokforl.$c2012
=300  \\$a1 digikort (4 t, 50 min)$c8 cm, i eske
=336  \\$aspoken word$2rdacontent$0http://rdaregistry.info/termList/RDAContentType/1013
=337  \\$aaudio$2rdamedia$0http://rdaregistry.info/termList/RDAMediaType/1001
=338  \\$aaudio disc$2rdacarrier$0http://rdaregistry.info/termList/RDACarrierType/1004
=500  \\$a1. norske lydbokutg. 2000
=500  \\$aBarn; fra 6 år
=500  \\$aKan kun brukes i digispiller
=500  \\$aLest av Terje Strømdahl ; musikk: Frode Fjellheim
=700  1\$aFjellheim, Frode$d1959-$emedarb.$0(NO-TrBIB)90622482$1http://viaf.org/viaf/24800947$4http://rdaregistry.info/Elements/w/object/P10053
=700  1\$aHollen, John$d1944-$4trl$0(NO-TrBIB)90051536$1http://viaf.org/viaf/81320876$4http://rdaregistry.info/Elements/e/object/P20037
=700  1\$aStrømdahl, Terje$d1952-$emedarb.$0(NO-TrBIB)90616142$1http://viaf.org/viaf/29705882  $4http://rdaregistry.info/Elements/e/object/P20022

