=LDR  01457cam a2200277 c 4500
=001  991236511404702202
=005  20230531212815.0
=007  ta
=008  150415s2012\\\\no#||||j||||||000|f|nob|\
=020  \\$a9788205433816$qib.$cNkr 229.00
=020  \\$a9788252580891$qib.$qBokklubben barn
=041  1\$heng
=082  74$a823$qNO-OsNB$25/nor
=100  1\$aDahl, Roald$d1916-1990$0(NO-TrBIB)90064099$1http://viaf.org/viaf/108159131$4http://rdaregistry.info/Elements/w/object/P10061
=240  \\$aGeorge's Marvellous Medicine$1http://viaf.org/viaf/2383154387337730970007
=245  10$aGeorgs magiske medisin$cRoald Dahl ; illustrert av Quentin Blake ; oversatt av Tor Edvin Dahl
=246  1\$aGeorge's marvellous medicine$iOriginaltittel
=250  \\$a6. utg.
=260  \\$a[Oslo]$bGyldendal$c2012
=300  \\$a81 s.$bill.$c27 cm
=336  \\$atext$2rdacontent$0http://rdaregistry.info/termList/RDAContentType/1020
=337  \\$aunmediated$2rdamedia$0http://rdaregistry.info/termList/RDAMediaType/1007
=338  \\$avolume$2rdacarrier$0http://rdaregistry.info/termList/RDACarrierType/1049
=500  \\$a1. norske utg. 1982
=700  1\$aBlake, Quentin$d1932-$eillustr.$0(NO-TrBIB)90545185$1http://viaf.org/viaf/108680806$4http://rdaregistry.info/Elements/m/object/P30321
=700  1\$aDahl, Tor Edvin$d1943-$4trl$0(NO-TrBIB)90053783$1http://viaf.org/viaf/115456625$4http://rdaregistry.info/Elements/e/object/P20037$4http://rdaregistry.info/Elements/e/object/P20037

