=LDR  01495cam a2200313 c 4500
=001  990100828754702202
=005  20230531124306.0
=007  cr||||||||||||
=007  ta
=008  150809s2000\\\\no#||||j\|||||000|d|nno|\
=041  1\$heng
=080  \\$a820
=082  74$a822$qNO-OsNB$24/nor
=100  1\$aWood, David$d21. febr. 1944-$0(NO-TrBIB)5015372$1http://viaf.org/viaf/102074796$4http://rdaregistry.info/Elements/w/object/P10203
=240  \\$aThe Witches$1http://viaf.org/viaf/191540075
=245  10$aHeksene$cav Roald Dahl ; dramatisert av David Wood ; til nordnorsk ved Ine Camilla Bjørnsten
=246  1\$aThe witches$iOriginaltittel
=260  \\$aTromsø$b[Hålogaland teater]$c[2000]
=300  \\$a24, 26 bl.$c30 cm
=336  \\$atext$2rdacontent$0http://rdaregistry.info/termList/RDAContentType/1020
=337  \\$aunmediated$2rdamedia$0http://rdaregistry.info/termList/RDAMediaType/1007
=338  \\$avolume$2rdacarrier$0http://rdaregistry.info/termList/RDACarrierType/1049
=500  \\$a"Tromsø, 14.08.00"
=500  \\$aPremiere: Kulturhuset i Tromsø 7. okt. 2000
=500  \\$aTeatermanus
=588  \\$aSpisstittel
=700  1\$aBjørnsten, Ine Camilla$d1977-$eovers.$0(NO-TrBIB)6020679$4trl$1http://viaf.org/viaf/224205998$4http://rdaregistry.info/Elements/e/object/P20037
=700  12$aDahl, Roald$d1916-1990$tThe witches$0(NO-TrBIB)90064099$1http://viaf.org/viaf/191540075$4http://rdaregistry.info/Elements/w/object/P10061
=710  2\$aHålogaland teater$0(NO-TrBIB)90125361

