=LDR  01288cam a2200253 c 4500
=001  999322979354702202
=005  20230330163927.0
=007  cr||||||||||||
=007  ta
=008  131212s1993\\\\no#||||j\|||||000|1|nob|\
=020  \\$a8205218315$cNkr 148.00
=041  1\$heng
=082  74$a823$qNO-OsNB$24/nor
=100  1\$aDahl, Roald$d1916-1990$0(NO-TrBIB)90064099$1http://viaf.org/viaf/108159131$4http://rdaregistry.info/Elements/w/object/P10061
=240  \\$aVicar of nibbleswicke$1http://viaf.org/viaf/89146153009705251517
=245  10$aPresten i Nibbleswicke$cRoald Dahl ; oversatt av Tor Edvin Dahl ; illustrert av Quentin Blake
=246  1\$aThe vicar of Nibbleswicke$iOriginaltittel
=260  \\$aOslo$bGyldendal$c1993
=300  \\$a23 s.$bill.
=336  \\$atext$2rdacontent$0http://rdaregistry.info/termList/RDAContentType/1020
=337  \\$aunmediated$2rdamedia$0http://rdaregistry.info/termList/RDAMediaType/1007
=338  \\$avolume$2rdacarrier$0http://rdaregistry.info/termList/RDACarrierType/1049
=700  1\$aBlake, Quentin$d1932-$4ill$0(NO-TrBIB)90545185$1http://viaf.org/viaf/108680806$4http://rdaregistry.info/Elements/w/object/P10061
=700  1\$aDahl, Tor Edvin$d1943-$4trl$0(NO-TrBIB)90053783$1http://viaf.org/viaf/115456625$4http://rdaregistry.info/Elements/e/object/P20037

