=LDR  01359cam a2200301 c 4500
=001  998421039374702202
=005  20230310141834.0
=007  ta
=008  131211s1982\\\\no#|||||||||||000|1|nob|d
=020  \\$a8270019259$qh.
=041  1\$heng
=082  74$a823$qNO-OsNB$24/nor
=100  1\$aDahl, Roald$d1916-1990$0(NO-TrBIB)90064099$1http://viaf.org/viaf/108159131$4http://rdaregistry.info/Elements/w/object/P10061
=240  \\$aTales of the unexpected$1http://viaf.org/viaf/184741199
=245  10$aTre utvalgte noveller$cRoald Dahl ; [oversatt til norsk av Torfinn Haukås]
=260  \\$a[Oslo]$bHjemmets bokforl.$c1982
=300  \\$a50 s.
=336  \\$atext$2rdacontent$0http://rdaregistry.info/termList/RDAContentType/1020
=337  \\$aunmediated$2rdamedia$0http://rdaregistry.info/termList/RDAMediaType/1007
=338  \\$avolume$2rdacarrier$0http://rdaregistry.info/termList/RDACarrierType/1049
=500  \\$aNovellene hentet fra: More tales of the unexpected
=500  \\$aOgså utgitt i Bokklubben ny krim
=500  \\$aOpplagshistorikk:  [Nytt oppl. 1992?]
=500  \\$aOver tittelen: Tales of the unexpected
=588  \\$aKatalogisert etter omslaget
=700  1\$aHaukås, Torfinn$4trl$1http://viaf.org/viaf/281867077$4http://rdaregistry.info/Elements/e/object/P20037
=740  0\$aMore tales of the unexpected
=740  0\$aTales of the unexpected

