=LDR  01495pam a2200325 i 4500
=001  018588904
=003  Uk
=005  20210310174728.0
=008  170913s2018\\\\enka\\\j\\\\\\000|f|eng|d
=016  7\$a018588904$2Uk
=020  \\$a9780141357850 (pbk.) :$c£9.99
=020  \\$z9780241327333 (ePub ebook) :$c£8.32
=082  04$a823.914$223
=100  1\$aDahl, Roald,$eauthor.$1http://viaf.org/viaf/108159131$4http://rdaregistry.info/Elements/w/object/P10061
=240  \\$aCharlie and the great glass elevator$1http://viaf.org/viaf/309279222
=245  10$aCharlie and the great glass elevator /$cRoald Dahl.
=250  \\$aColour edition /$billustrated by Quentin Blake.
=264  \1$aLondon :$bPuffin,$c2018.
=300  \\$a149 pages :$billustrations (colour) ;$c27 cm
=336  \\$astill image$2rdacontent
=336  \\$atext$2rdacontent$0http://rdaregistry.info/termList/RDAContentType/1020
=337  \\$aunmediated$2rdamedia$0http://rdaregistry.info/termList/RDAMediaType/1007
=338  \\$avolume$2rdacarrier$0http://rdaregistry.info/termList/RDACarrierType/1049
=500  \\$aFormerly CIP.$5Uk
=500  \\$aPrevious edition: London: Viking, 1995.
=530  \\$aAlso issued online.
=600  10$aBucket, Charlie$c(Fictitious character)$vJuvenile fiction.
=600  10$aWonka, Willy$c(Fictitious character)$vJuvenile fiction.
=700  1\$aBlake, Quentin,$eillustrator.$1http://viaf.org/viaf/108680806$4http://rdaregistry.info/Elements/m/object/P30321
=776  08$iebook version :$z9780241327333

