=LDR  00967nam a2200205 a 4500
=001  013269009
=003  Uk
=005  20050809125544.0
=008  050809r20031989enka\\\\\\\\\\000\j\eng\\
=020  \\$a0140118470 (pbk.) :$c£6.99
=082  04$a823.914$222
=100  1\$aDahl, Roald. $1http://viaf.org/viaf/108159131$4http://rdaregistry.info/Elements/w/object/P10061
=240  \\$a Ah, sweet mystery of Life$1http://viaf.org/viaf/309348580
=245  10$aAh, sweet mystery of life :$bthe country stories of Roald Dahl /$cRoald Dahl ; illustrated by John Lawrence.
=260  \\$aLondon :$bPenguin,$c1990$g(2003? printing)
=300  \\$aix, 161 p. :$bill. ;$c20 cm.
=336  \\$atext$2rdacontent$0http://rdaregistry.info/termList/RDAContentType/1020
=337  \\$aunmediated$2rdamedia$0http://rdaregistry.info/termList/RDAMediaType/1007
=338  \\$avolume$2rdacarrier$0http://rdaregistry.info/termList/RDACarrierType/1049
=500  \\$aOriginally published: London : Michael Joseph, 1989.

