=LDR  01087 am a2200253ua 4500
=001  011930388
=005  20091122233000.0
=008  951117r19901989enka\\\||\\\\\000\p|eng\\
=019  1\$a0140343652
=019  9\$a0140343652
=019  y\$ab9591285
=020  \\$a0140343652 (pbk) :$c£3.99
=039  0\$a2367
=082  04$a821.914$220
=100  1\$aDahl, Roald.$1http://viaf.org/viaf/108159131$4http://rdaregistry.info/Elements/w/object/P10061
=240  \\$aRhyme stew$1http://viaf.org/viaf/9990161453851364330000
=245  10$aRhyme stew /$cRoald Dahl ; illustrations by Quentin Blake.
=260  \\$aLondon :$bPenguin,$c1990.
=300  \\$a78p. :$bill. ;$c20cm.
=336  \\$atext$2rdacontent$0http://rdaregistry.info/termList/RDAContentType/1020
=337  \\$aunmediated$2rdamedia$0http://rdaregistry.info/termList/RDAMediaType/1007
=338  \\$avolume$2rdacarrier$0http://rdaregistry.info/termList/RDACarrierType/1049
=500  \\$aOriginally published .: London: Jonathan Cape, 1989.
=700  1\$aBlake, Quentin.$1http://viaf.org/viaf/108680806$4http://rdaregistry.info/Elements/m/object/P30321

