=LDR  01008 am a2200253ua 4500
=001  011930011
=005  20091122233000.0
=008  881214r19881986enkabch||\\\\\000\|aeng\\
=019  1\$a014032528x
=019  9\$a014032528x
=019  y\$ab8916534
=020  \\$a014032528X (pbk) :$c£2.99
=039  0\$a2019
=082  04$a823/.912$219
=100  1\$aDahl, Roald.$1http://viaf.org/viaf/108159131$4http://rdaregistry.info/Elements/w/object/P10061
=240  \\$aGoing solo$1http://viaf.org/viaf/309293759
=245  10$aGoing solo /$cRoald Dahl.
=260  \\$aLondon :$bPuffin,$c1988, c1986.
=300  \\$a209p. :$bill., maps,facsims.,ports. ;$c20cm.
=336  \\$atext$2rdacontent$0http://rdaregistry.info/termList/RDAContentType/1020
=337  \\$aunmediated$2rdamedia$0http://rdaregistry.info/termList/RDAMediaType/1007
=338  \\$avolume$2rdacarrier$0http://rdaregistry.info/termList/RDACarrierType/1049
=500  \\$aOriginally published: London : Cape, 1986.
=600  14$aDahl, Roald.$1http://viaf.org/viaf/108159131

